@incollection{shamir:1979rg,
  title={Mental poker},
  author={Shamir, Adi and Rivest, Ronald L and Adleman, Leonard M},
  booktitle={The mathematical gardner},
  pages={37--43},
  year={1981},
  publisher={Springer}
}

@misc{lipton:1981pt,
  title={How to cheat at mental poker},
  author={Lipton, Richard Jay},
  booktitle={Proc. AMS Short Course on Cryptography},
  year={1981}
}

@misc{coppersmith:1985ch,
  title={Cheating at mental poker},
  author={Coppersmith, Don},
  booktitle={Conference on the Theory and Application of Cryptographic Techniques},
  pages={104--107},
  year={1985},
  organization={Springer}
}


@inproceedings{goldwasser:1982st,
    abstract = {{This paper proposes an Encryption Scheme that possess the following property: An adversary, who knows the encryption algorithm and is given the cyphertext, cannot obtain any information about the clear-text. Any implementation of a Public Key Cryptosystem, as proposed by Diffie and Hellman in [8], should possess this property. Our Encryption Scheme follows the ideas in the number theoretic implementations of a Public Key Cryptosystem due to Rivest, Shamir and Adleman [13], and Rabin [12].}},
    author = {Goldwasser, Shafi and Micali, Silvio},
    booktitle = {Proceedings of the 14th Annual ACM Symposium on Theory of Computing (STOC '82)},
    citeulike-article-id = {2629967},
    keywords = {bibtex-import},
    pages = {365--377},
    posted-at = {2008-04-04 16:13:56},
    priority = {0},
    publisher = {ACM Press},
    title = {{Probabilistic Encryption \& How To Play Mental Poker Keeping Secret All Partial Information}},
    year = {1982}
}

@article{barany:1983rt,
    author = {B{\'{a}}r{\'{a}}ny, Imre and F{\"{u}}redi, Zlot{\'{a}}n},
    citeulike-article-id = {2629966},
    journal = {Information and Control},
    keywords = {bibtex-import},
    number = {1--3},
    pages = {84--93},
    posted-at = {2008-04-04 16:13:56},
    priority = {0},
    publisher = {Academic Press Professional},
    title = {{Mental Poker with Three or More Players}},
    volume = {59},
    year = {1983}
}

@inproceedings{yung:1984gh,
  title={Cryptoprotocols: Subscription to a public key, the secret blocking and the multi-player mental poker game},
  author={Yung, Mordechai},
  booktitle={Workshop on the Theory and Application of Cryptographic Techniques},
  pages={439--453},
  year={1984},
  organization={Springer}
}

@misc{fich:1984se,
  title={Sending Messages without Hidden Information and Applications to Multiperson Games},
  author={Fich, Faith and Goldwasser, Shafi},
  year={1984},
  publisher={manuscript}
}

@INPROCEEDINGS{Stamer05,
    author = {Heiko Stamer},
    title = {Efficient electronic gambling: An extended implementation of the toolbox for mental card games},
    booktitle = {WEWoRC 2005, volume P-74 of Lecture Notes in Informatics},
    year = {2005}
}

@TECHREPORT{Schindelhauer98,
    author = {Christian Schindelhauer},
    title = {A Toolbox for Mental Card Games},
    institution = {University of L\"{u}beck},
    year = {1998}
}

@INPROCEEDINGS{Golle05, 
author={P. Golle}, 
booktitle={International Conference on Information Technology: Coding and Computing (ITCC'05) - Volume II}, 
title={Dealing cards in poker games}, 
year={2005}, 
volume={1}, 
pages={506-511 Vol. 1}, 
keywords={computer games;entertainment;games of skill;mobile computing;protocols;ElGamal;PDA;betting;card dealing;card shuffling;latency;mental poker;poker games;protocol;resource-constrained devices;Computational efficiency;Cryptography;Delay;Games;Personal digital assistants;Protocols;Random number generation;Robustness}, 
doi={10.1109/ITCC.2005.119}, 
month={April},}

@INPROCEEDINGS{ZV05,
author={Weiliang Zhao and V. Varadharajan},
booktitle={International Conference on Information Technology: Coding and Computing (ITCC'05) - Volume II},
title={Efficient TTP-free mental poker protocols},
year={2005},
volume={1},
pages={745-750 Vol. 1},
keywords={computer games;cryptography;message authentication;protocols;TTP-free mental poker protocols;security flaw;trusted third party;Costs;Data security;Information technology;Internet;Proposals;Protocols;Public key;Public key cryptography},
doi={10.1109/ITCC.2005.141},
month={April},}

@inproceedings{ZVM03,
 author = {Zhao, Weiliang and Varadharajan, Vijay and Mu, Yi},
 title = {A Secure Mental Poker Protocol over the Internet},
 booktitle = {Proceedings of the Australasian Information Security Workshop Conference on ACSW Frontiers 2003 - Volume 21},
 series = {ACSW Frontiers '03},
 year = {2003},
 isbn = {1-920682-00-7},
 location = {Adelaide, Australia},
 pages = {105--109},
 numpages = {5},
 url = {http://dl.acm.org/citation.cfm?id=827987.828000},
 acmid = {828000},
 publisher = {Australian Computer Society, Inc.},
 address = {Darlinghurst, Australia, Australia},
 keywords = {applied cryptography, mental poker, online gambling},
} 

@article{SDC06,
author = {Francesc Sebe, and Josep Domingo-Ferrer, and Jordi Castella-Roca, },
title = {On the Security of a Repaired Mental Poker Protocol},
journal = {Information Technology: New Generations, Third International Conference on},
volume = {00},
number = {},
issn = {},
year = {2006},
pages = {664-668},
doi = {doi.ieeecomputersociety.org/10.1109/ITNG.2006.103},
publisher = {IEEE Computer Society},
address = {Los Alamitos, CA, USA},
}

@INPROCEEDINGS{Yeh08, 
author={C. C. Yeh}, 
booktitle={2008 IEEE/IFIP International Conference on Embedded and Ubiquitous Computing}, 
title={Secure and Verifiable P2P Card Games}, 
year={2008}, 
volume={2}, 
pages={344-349}, 
keywords={computer games;peer-to-peer computing;public key cryptography;P2P card games;PDA;card shuffling scheme;mobile devices;public key cryptosystems;secret encoding;secret verification;smartphone;Computer science;Cryptographic protocols;Encoding;Games;Internet;Mobile computing;Personal digital assistants;Public key cryptography;Smart phones;Ubiquitous computing;P2P card game;TTP-free;secure;verifiable}, 
doi={10.1109/EUC.2008.165}, 
month={Dec},}

@INPROCEEDINGS{CDRB03,
    author = {Jordi Castella-Roca and Josep Domingo-ferrer and Andreu Riera and Joan Borrell},
    title = {Practical Mental Poker without a TTP Based on Homomorphic Encryption},
    booktitle = {In Progress in Cryptology-Indocrypt, volume 2904 of LNCS},
    year = {2003},
    pages = {280--294},
    publisher = {Springer-Verlag}
}

@INPROCEEDINGS{CSD05,
author="Castell{\`a}-Roca, Jordi
and Seb{\'e}, Francesc
and Domingo-Ferrer, Josep",
editor="Katsikas, Sokratis
and L{\'o}pez, Javier
and Pernul, G{\"u}nther",
title="Dropout-Tolerant TTP-Free Mental Poker",
booktitle = "Trust, Privacy, and Security in Digital Business: Second International Conference, TrustBus 2005, Copenhagen, Denmark, August 22-26, 2005. Proceedings",
year="2005",
publisher="Springer Berlin Heidelberg",
address="Berlin, Heidelberg",
pages="30--40",
isbn="978-3-540-31796-8",
doi="10.1007/11537878_4",
url="http://dx.doi.org/10.1007/11537878_4"
}

@InBook{castella2006,
  title={Contributions to mental poker},
  author={Castell{\`a} Roca, Jordi and Domingo-Ferrer, Josep and Seb{\'e} Feixas, Francesc},
  year={2006},
  publisher={Universitat Aut{\`o}noma de Barcelona,}
}

@InBook{edwards1994,
  title={Implementing Electronic Poker: A Practical Exercise in Zero Knowledge Interactive Proofs},
  author={Edwards, J},
  journal={Master's thesis, Department of Computer Science, University of Kentucky},
  year={1994}
}

@article{nakamoto2008,
  title={Bitcoin: A peer-to-peer electronic cash system},
  author={Nakamoto, Satoshi},
  year={2008}
}

@article{BentovKM17,
  author    = {Iddo Bentov and
               Ranjit Kumaresan and
               Andrew Miller},
  title     = {Instantaneous Decentralized Poker},
  journal   = {CoRR},
  volume    = {abs/1701.06726, v3},
  year      = {2017},
  url       = {http://arxiv.org/abs/1701.06726},
}

@article{wei2012,
  title={A fast mental poker protocol},
  author={Wei, Tzer-jen and Wang, Lih-Chung},
  journal={Journal of Mathematical Cryptology},
  volume={6},
  number={1},
  pages={39--68},
  year={2012}
}

@article{wei2014,
  title={Secure and practical constant round mental poker},
  author={Wei, Tzer-jen},
  journal={Information Sciences},
  volume={273},
  pages={352--386},
  year={2014},
  publisher={Elsevier}
}

@book{hazay2010,
  title={Efficient secure two-party protocols: Techniques and constructions},
  author={Hazay, Carmit and Lindell, Yehuda},
  year={2010},
  publisher={Springer Science \& Business Media}
}

@Article{Johnson2001,
author="Johnson, Don
and Menezes, Alfred
and Vanstone, Scott",
title="The Elliptic Curve Digital Signature Algorithm (ECDSA)",
journal="International Journal of Information Security",
year="2001",
month="Aug",
day="01",
volume="1",
number="1",
pages="36--63",
issn="1615-5262",
doi="10.1007/s102070100002",
url="https://doi.org/10.1007/s102070100002"
}

@misc{bip32,
  author = {Peter Wuille},    
  title = {{Hierarchical Deterministic Wallets}},
  howpublished = "\url{https://en.bitcoin.it/wiki/BIP_0032}",
  year = {2017}, 
  note = "[Online; accessed 24-October-2017]"
}